<?xml version="1.0" encoding="utf-8"?>
<record xmlns="http://www.loc.gov/MARC21/slim" xmlns:xsi="http://www.w3.org/2001/XMLSchema-instance" xsi:schemaLocation="http://www.loc.gov/MARC21/slim http://www.loc.gov/standards/marcxml/schema/MARC21slim.xsd">
	<leader>     nam a22        4500</leader>
	<controlfield tag="001">b12538942</controlfield>
	<controlfield tag="003">LeBAU</controlfield>
	<controlfield tag="006">m        d        </controlfield>
	<controlfield tag="007">cr cn |||m|||a</controlfield>
	<controlfield tag="008">170926s1912    ua      o     ||0 0 ara d</controlfield>
	<datafield ind1=" " ind2=" " tag="040">
		<subfield code="a">NNU</subfield>
		<subfield code="b">ara</subfield>
		<subfield code="e">rda</subfield>
		<subfield code="c">NNU</subfield>
	</datafield>
	<datafield ind1="0" ind2="4" tag="082">
		<subfield code="a">892.78</subfield>
		<subfield code="2">22</subfield>
	</datafield>
	<datafield ind1="0" ind2=" " tag="100">
		<subfield code="6">880-01</subfield>
		<subfield code="a">Kumayt ibn Zayd al-Asadī,</subfield>
		<subfield code="d">679 or 680-743 or 744,</subfield>
		<subfield code="e">author.</subfield>
	</datafield>
	<datafield ind1="1" ind2="0" tag="245">
		<subfield code="6">880-02</subfield>
		<subfield code="a">Sharḥ al-Hāshimīyāt lil-shāʻir al-shahīr al-Kumayt ibn Zayd al-Asadī, al-mutawaffá sanat 126 Hijrīyah ;</subfield>
		<subfield code="b">Wa-yalīhi Sharḥ Mukhtārāt ashʻār al-ʻArab : wa-hiya majmūʻah mukhtārah min balīgh shiʻr al-Kumayt ibn Zayd al-Asadī wa-min ajwad kalām al-fuḥūl min shuʻarāʼ al-ʻArab fī ṣadr al-Islām /</subfield>
		<subfield code="c">bi-qalam Muḥammad Maḥmūd al-Rāfiʻī.</subfield>
	</datafield>
	<datafield ind1=" " ind2=" " tag="250">
		<subfield code="6">880-03</subfield>
		<subfield code="a">al-Ṭab‘ah al-thālithah.</subfield>
	</datafield>
	<datafield ind1=" " ind2="1" tag="264">
		<subfield code="6">880-04</subfield>
		<subfield code="a">Miṣr :</subfield>
		<subfield code="b">Maṭba‘at Sharikat al-Tamaddun al-Ṣinā‘īyah,</subfield>
		<subfield code="c">1330 [H.] = 1912 [M.]</subfield>
	</datafield>
	<datafield ind1=" " ind2=" " tag="300">
		<subfield code="6">880-05</subfield>
		<subfield code="a">online resource (124 pages)</subfield>
	</datafield>
	<datafield ind1=" " ind2=" " tag="336">
		<subfield code="a">text</subfield>
		<subfield code="2">rdacontent</subfield>
	</datafield>
	<datafield ind1=" " ind2=" " tag="337">
		<subfield code="a">computer</subfield>
		<subfield code="2">rdamedia</subfield>
	</datafield>
	<datafield ind1=" " ind2=" " tag="338">
		<subfield code="a">online resource</subfield>
		<subfield code="2">rdacarrier</subfield>
	</datafield>
	<datafield ind1=" " ind2=" " tag="500">
		<subfield code="a">Part of the Arabic Collections Online (ACO) project, contributed by American University of Beirut's Jafet Memorial Library.</subfield>
	</datafield>
	<datafield ind1=" " ind2=" " tag="533">
		<subfield code="a">Electronic reproduction.</subfield>
		<subfield code="b">New York, N.Y. :</subfield>
		<subfield code="c">New York University,</subfield>
		<subfield code="d">2017.</subfield>
		<subfield code="5">NNU</subfield>
	</datafield>
	<datafield ind1=" " ind2=" " tag="590">
		<subfield code="a">صفحة عنوان النسخة الثانية مفتقدة.  </subfield>
	</datafield>
	<datafield ind1="0" ind2="4" tag="600">
		<subfield code="a">الكميت بن زيد الأسدي،</subfield>
		<subfield code="d">679 او 680-743 او 744.</subfield>
		<subfield code="t">الهاشميات.</subfield>
	</datafield>
	<datafield ind1="0" ind2="0" tag="600">
		<subfield code="a">Kumayt ibn Zayd al-Asadī,</subfield>
		<subfield code="d">679 or 680-743 or 744.</subfield>
		<subfield code="t">Hāshimīyāt.</subfield>
	</datafield>
	<datafield ind1=" " ind2="4" tag="650">
		<subfield code="a">الشعر العربي</subfield>
		<subfield code="y">622-750</subfield>
		<subfield code="x">تاريخ ونقد.</subfield>
	</datafield>
	<datafield ind1=" " ind2="0" tag="650">
		<subfield code="a">Arabic poetry</subfield>
		<subfield code="y">622-750</subfield>
		<subfield code="x">History and criticism.</subfield>
	</datafield>
	<datafield ind1="1" ind2="2" tag="700">
		<subfield code="6">880-06</subfield>
		<subfield code="a">Rāfiʻī, Muḥammad Maḥmūd.</subfield>
		<subfield code="t">Mukhtārāt ashʻār al-ʻArab.</subfield>
	</datafield>
	<datafield ind1="2" ind2=" " tag="710">
		<subfield code="a">Jafet Memorial Library.</subfield>
	</datafield>
	<datafield ind1="0" ind2=" " tag="730">
		<subfield code="a">Arabic Collections Online.</subfield>
	</datafield>
	<datafield ind1="0" ind2="8" tag="776">
		<subfield code="i">Print version:</subfield>
		<subfield code="a">Kumayt ibn Zayd al-Asadī, 679 or 680-743 or 744, author.</subfield>
		<subfield code="t">Sharḥ al-Hāshimīyāt lil-shāʻir al-shahīr al-Kumayt ibn Zayd al-Asadī, al-mutawaffá sanat 126 Hijrīyah ;</subfield>
		<subfield code="w">(LeBAU)b12538942</subfield>
	</datafield>
	<datafield ind1="4" ind2="0" tag="856">
		<subfield code="u">http://hdl.handle.net/2333.1/4b8gtq2j</subfield>
	</datafield>
	<datafield ind1="0" ind2=" " tag="880">
		<subfield code="6">100-01/(3/r</subfield>
		<subfield code="a">الكميت بن زيد الاسدي،</subfield>
		<subfield code="d">679 او 680-743 او 744،</subfield>
		<subfield code="e">مؤلف. </subfield>
		<subfield code="4">aut.</subfield>
	</datafield>
	<datafield ind1="1" ind2="0" tag="880">
		<subfield code="6">245-02/(3/r</subfield>
		<subfield code="a">شرح الهاشميات للشاعر الشهير الكميت بن زيد الأسدي، المتوفى سنة 126 هجرية ؛</subfield>
		<subfield code="b"> ويليه شرح مختارات أشعار العرب : وهي مجموعة مختارة من بليغ شعر الكميت بن زيد الأسدي ومن أجود كلام الفحول من شعراء العرب في صدر الإسلام / بقلم محمد محمود الرافعي.</subfield>
		<subfield code="c">bi-qalam Muḥammad Maḥmūd al-Rāfiʻī.</subfield>
	</datafield>
	<datafield ind1=" " ind2=" " tag="880">
		<subfield code="6">250-03/(3/r</subfield>
		<subfield code="a">الطبعة الثالثة.</subfield>
	</datafield>
	<datafield ind1=" " ind2="1" tag="880">
		<subfield code="6">264-04/(3/r</subfield>
		<subfield code="a">مصر :</subfield>
		<subfield code="b">مطبعة شركة التمدن الصناعية،</subfield>
		<subfield code="c">1330 [هـ.] = 1912 [م.]</subfield>
	</datafield>
	<datafield ind1=" " ind2=" " tag="880">
		<subfield code="6">300-05/(3/r</subfield>
		<subfield code="a">124 صفحة ؛</subfield>
		<subfield code="c">24 سم</subfield>
	</datafield>
	<datafield ind1="1" ind2="2" tag="880">
		<subfield code="6">700-06/(3/r</subfield>
		<subfield code="a">الرافعي، محمد محمود.</subfield>
		<subfield code="t">مختارات أشعار العرب.</subfield>
	</datafield>
	<datafield ind1=" " ind2=" " tag="959">
		<subfield code="a">NNU</subfield>
		<subfield code="b">WEB</subfield>
		<subfield code="c">GENI</subfield>
		<subfield code="t">0</subfield>
		<subfield code="m">Electronic access</subfield>
		<subfield code="s">01</subfield>
	</datafield>
	<datafield ind1=" " ind2=" " tag="999">
		<subfield code="i">LeBAU_b12538942</subfield>
		<subfield code="s">aub_aco001385</subfield>
		<subfield code="e">(ERROR-MISC)</subfield>
	</datafield>
</record>
